<?xml version="1.0" encoding="UTF-8"?>
<record xmlns="http://www.loc.gov/MARC21/slim" xmlns:xsi="http://www.w3.org/2001/XMLSchema-instance" xsi:schemaLocation="http://www.loc.gov/MARC21/slim http://www.loc.gov/standards/marcxml/schema/MARC21slim.xsd">
<leader>     cam a2200241   4500</leader>
<controlfield tag="001">001680739</controlfield>
<controlfield tag="003">NNU</controlfield>
<controlfield tag="005">20001218225211.0</controlfield>
<controlfield tag="008">820621s1969    iq       b    000 0barar</controlfield>
<datafield tag="010" ind1=" " ind2=" ">
<subfield code="a">78233956</subfield>
</datafield>
<datafield tag="035" ind1="9" ind2=" ">
<subfield code="a">NYUb12224142</subfield>
</datafield>
<datafield tag="035" ind1=" " ind2=" ">
<subfield code="a">(DGU)b14042381</subfield>
</datafield>
<datafield tag="035" ind1=" " ind2=" ">
<subfield code="a">(CStRLIN)DCGGB14042381-B</subfield>
</datafield>
<datafield tag="040" ind1=" " ind2=" ">
<subfield code="a">DLC</subfield>
<subfield code="c">TU</subfield>
<subfield code="d">TU</subfield>
</datafield>
<datafield tag="100" ind1="1" ind2=" ">
<subfield code="a">ʻUbaydī, Rashīd ʻAbd al-Raḥmān.</subfield>
</datafield>
<datafield tag="245" ind1="1" ind2="0">
<subfield code="a">Abū ʻUthmān al-Māzinī wa-madhāhibuhu fī al-Ṣarf wa-al-Naḥū</subfield>
<subfield code="c">[taʼlīf] Rashīd ʻAbd al-Raḥmān al-ʻUbaydī.</subfield>
</datafield>
<datafield tag="260" ind1=" " ind2=" ">
<subfield code="a">Baghdād,</subfield>
<subfield code="b">Maṭbaʻat Salmān al-Aʻẓamī,</subfield>
<subfield code="c">1969.</subfield>
</datafield>
<datafield tag="300" ind1=" " ind2=" ">
<subfield code="a">320 p.</subfield>
<subfield code="c">24 cm.</subfield>
</datafield>
<datafield tag="500" ind1=" " ind2=" ">
<subfield code="a">Cover title: Abu Uthman al-Mazinī and madahibuhu fe-sarf &amp; nahu, by R.A. al-Ubaidi.</subfield>
</datafield>
<datafield tag="504" ind1=" " ind2=" ">
<subfield code="a">Bibliography: p. 262-278.</subfield>
</datafield>
<datafield tag="600" ind1="1" ind2="0">
<subfield code="a">Māzinī, Bakr ibn Muḥammad,</subfield>
<subfield code="d">9th cent.</subfield>
</datafield>
<datafield tag="OWN" ind1=" " ind2=" ">
<subfield code="a">GENERAL</subfield>
</datafield>
<datafield tag="950" ind1=" " ind2=" ">
<subfield code="l">BMAIN</subfield>
<subfield code="a">PJ6064.M35</subfield>
<subfield code="b">Z9</subfield>
</datafield>
<datafield tag="955" ind1=" " ind2=" ">
<subfield code="l">BMAIN</subfield>
<subfield code="c">1</subfield>
<subfield code="r">028827288</subfield>
</datafield>
<datafield tag="998" ind1=" " ind2=" ">
<subfield code="s">9115</subfield>
</datafield>
<datafield tag="AVA" ind1=" " ind2=" ">
<subfield code="a">NYU50</subfield>
<subfield code="b">BOBST</subfield>
<subfield code="c">Main Collection</subfield>
<subfield code="d">PJ6064.M35 Z9</subfield>
<subfield code="e">unavailable</subfield>
<subfield code="t">Unavailable</subfield>
<subfield code="f">1</subfield>
<subfield code="g">1</subfield>
<subfield code="h">N</subfield>
<subfield code="i">0</subfield>
<subfield code="j">MAIN</subfield>
</datafield>
</record>
